@inbook{WatchWhatIDo,
  editor = {Allen Cypher},
  booktitle = {Watch What I Do},
  month = may,
  year = {1993},
  isbn = {0262032139},
  publisher = {MIT Press}
}

@inbook{YourWish,
  editor = {Henry Lieberman},
  booktitle = {Your Wish is My Command: Programming By Example},
  year = {2001},
  month = feb,
  isbn = {1558606882},
  publisher = {Morgan Kaufmann}
}

@article{Gyazz,
  author = {増井 俊之},
  title = {Gyazz - 柔軟で強力な万人のためのWikiシステム},
  journal = {第52回冬のプログラミングシンポジウム予稿集},
  pages = {43--50},
  year = {2011},
  month = jan
  }
